<record><leader>00000cas a2200000Ia 4500</leader><controlfield tag="001">8674347</controlfield><controlfield tag="008">820810d19011939ohucr n      s0   a0eng d</controlfield><datafield ind1=" " ind2=" " tag="010"><subfield code="a">sn 89076164 </subfield></datafield><datafield ind1=" " ind2=" " tag="040"><subfield code="a">OUN</subfield><subfield code="b">eng</subfield><subfield code="c">OUN</subfield><subfield code="d">ONP</subfield><subfield code="d">OCLCQ</subfield><subfield code="d">OCLCO</subfield></datafield><datafield ind1=" " ind2=" " tag="043"><subfield code="a">n-us-oh</subfield></datafield><datafield ind1=" " ind2=" " tag="090"><subfield code="a">LD4191.O82</subfield><subfield code="b">G7x</subfield></datafield><datafield ind1="0" ind2=" " tag="130"><subfield code="a">Green and white (Athens, Ohio)</subfield></datafield><datafield ind1="1" ind2="4" tag="245"><subfield code="a">The Green and white.</subfield></datafield><datafield ind1=" " ind2=" " tag="260"><subfield code="a">Athens, Ohio :</subfield><subfield code="b">Ohio University,</subfield><subfield code="c">1901-1939.</subfield></datafield><datafield ind1=" " ind2=" " tag="300"><subfield code="a">28 v. :</subfield><subfield code="b">ill. ;</subfield><subfield code="c">30-60 cm.</subfield></datafield><datafield ind1=" " ind2=" " tag="310"><subfield code="a">Semiweekly (during the school year),</subfield><subfield code="b">Feb. 9, 1926-July 28, 1939</subfield></datafield><datafield ind1=" " ind2=" " tag="321"><subfield code="a">Weekly,</subfield><subfield code="b">Dec 2, 1901-Jan. 29, 1926</subfield></datafield><datafield ind1="0" ind2=" " tag="362"><subfield code="a">Vol. 1, no. 1 (Dec. 2, 1901)-v. 28, no. 53 (July 28, 1939).</subfield></datafield><datafield ind1="2" ind2=" " tag="710"><subfield code="a">Ohio University.</subfield></datafield><datafield ind1=" " ind2=" " tag="752"><subfield code="a">United States</subfield><subfield code="b">Ohio</subfield><subfield code="c">Athens</subfield><subfield code="d">Athens.</subfield></datafield><datafield ind1="0" ind2="0" tag="780"><subfield code="t">Ohioan</subfield></datafield><datafield ind1="0" ind2="0" tag="785"><subfield code="t">Ohio University post</subfield><subfield code="w">(DLC)sn 87075207</subfield></datafield></record>